@book{tanenbaum2007modern,
  title={Modern operating systems},
  author={Tanenbaum, Andrew S},
  year={2007},
  publisher={Prentice Hall Press}
}

@Book{sale2014testingpython,
	title = {Testing Python: Applying Unit Testing, TDD, BDD, and Acceptance Testing},
	author={Sale, David},
	publisher = {Wiley},
	year = {2014}
}
