@Book{•,
ALTauthor = {Dave},
ALTeditor = {Pearson},
title = {2014},
publisher = {Pearson},
year = {•},
OPTkey = {•},
OPTvolume = {•},
OPTnumber = {•},
OPTseries = {•},
OPTaddress = {•},
OPTedition = {•},
OPTmonth = {•},
OPTnote = {•},
OPTannote = {•}
}

